<record><leader>00000cas a22000007a 4500</leader><controlfield tag="001">42870630</controlfield><controlfield tag="008">991122c19999999nyumr ne      0   a0eng c</controlfield><controlfield tag="009">467</controlfield><datafield ind1=" " ind2=" " tag="010"><subfield code="a">sn 99009542 </subfield></datafield><datafield ind1=" " ind2=" " tag="040"><subfield code="a">NSD</subfield><subfield code="b">eng</subfield><subfield code="c">NSD</subfield><subfield code="d">OCLCQ</subfield></datafield><datafield ind1=" " ind2=" " tag="012"><subfield code="k">1</subfield><subfield code="l">1</subfield></datafield><datafield ind1="0" ind2=" " tag="022"><subfield code="a">1527-5442</subfield><subfield code="l">1527-5442</subfield><subfield code="2">1</subfield></datafield><datafield ind1="1" ind2=" " tag="029"><subfield code="a">AU@</subfield><subfield code="b">000021234986</subfield></datafield><datafield ind1=" " ind2=" " tag="037"><subfield code="b">Standia Publishing, Inc., 25-20 30th Rd., Suite 3F, Astoria, NY 11102</subfield><subfield code="c">$26.00</subfield></datafield><datafield ind1=" " ind2=" " tag="042"><subfield code="a">pcc</subfield><subfield code="a">nsdp</subfield></datafield><datafield ind1="1" ind2="0" tag="082"><subfield code="a">070</subfield><subfield code="2">13</subfield></datafield><datafield ind1="0" ind2=" " tag="130"><subfield code="a">America (Astoria, New York, N.Y.)</subfield></datafield><datafield ind1="0" ind2=" " tag="210"><subfield code="a">America</subfield><subfield code="b">(Astoria, N.Y. N.Y.)</subfield></datafield><datafield ind1=" " ind2="0" tag="222"><subfield code="a">America</subfield><subfield code="b">(Astoria, New York, N.Y.)</subfield></datafield><datafield ind1="0" ind2="0" tag="245"><subfield code="a">America.</subfield></datafield><datafield ind1=" " ind2=" " tag="260"><subfield code="a">Astoria, NY :</subfield><subfield code="b">Standia Pub. Inc.,</subfield><subfield code="c">c1999-</subfield></datafield><datafield ind1=" " ind2=" " tag="300"><subfield code="a">v.</subfield></datafield><datafield ind1=" " ind2=" " tag="310"><subfield code="a">Monthly,</subfield><subfield code="b">&lt;Mar. 2000-&gt;</subfield></datafield><datafield ind1=" " ind2=" " tag="321"><subfield code="a">Biweekly,</subfield><subfield code="b">Dec. 15, 1999-</subfield></datafield><datafield ind1="0" ind2=" " tag="362"><subfield code="a">Vol. 1, no. 1 (Dec. 15, 1999)-</subfield></datafield><datafield ind1=" " ind2=" " tag="500"><subfield code="a">Title from caption.</subfield></datafield><datafield ind1=" " ind2=" " tag="936"><subfield code="a">Vol. 1, no. 4 (Mar. 2000) LIC</subfield></datafield></record>